@article{Buckley2017,
  doi = {10.1016/j.jmp.2017.09.004},
  url = {https://doi.org/10.1016/j.jmp.2017.09.004},
  year = {2017},
  month = dec,
  publisher = {Elsevier {BV}},
  volume = {81},
  pages = {55--79},
  author = {Christopher L., Buckley and Chang Sub, Kim and Simon, McGregor and Anil K., Seth},
  title = {The free energy principle for action and perception: A mathematical review},
  journal = {Journal of Mathematical Psychology}
}

@article{Baltieri2019,
  doi = {10.3390/e21030257},
  url = {https://doi.org/10.3390/e21030257},
  year = {2019},
  month = mar,
  publisher = {{MDPI} {AG}},
  volume = {21},
  number = {3},
  pages = {257},
  author = {Manuel, Baltieri and Christopher, Buckley},
  title = {{PID} Control as a Process of Active Inference with Linear Generative Models},
  journal = {Entropy}
}


